@inproceedings{buikstra2011ranking,
  title={Ranking Query Results from Linked Open Data using a simple cognitive heuristic.},
  author={Buikstra, Arjon and Neth, Hansj{\"o}rg and Schooler, Lael and ten Teije, Annette and van Harmelen, Frank},
  booktitle={LDH},
  pages={55--60},
  year={2011}
}

@inproceedings{NeumannMoerkotte2011,
  title={Characteristic sets: Accurate cardinality estimation for RDF queries with multiple joins},
  author={Neumann, Thomas and Moerkotte, Guido},
  booktitle={Data Engineering (ICDE), 2011 IEEE 27th International Conference on},
  pages={984--994},
  year={2011},
  organization={IEEE}
}

@Standard{Hayes2014,
  author = {Patrick J. Hayes and Peter F. Patel-Schneider},
  title = {{RDF 1.1 Semantics}},
  year = {2014}
}

@Standard{BrickleyGuha2014,
  title={{RDF Schema 1.1}},
  author={Dan Brickley and Ramanathan V. Guha},
  year={2014}
}

@Standard{Bernerslee2006,
  author = {Tim Berners-Lee},
  title = {RDF Schema 1.1},
  howpublished = {\url{http://www.w3.org/DesignIssues/LinkedData.html}},
  year = {2006}
}

@Article{Rissanen78,
AUTHOR = {J. Rissanen},
TITLE = {Modeling by the shortest data description},
JOURNAL = {Automatica},
VOLUME = {14},
PAGES = {465-471},
YEAR = {1978},
}

@Article{Rissanen84,
AUTHOR = {J. Rissanen},
TITLE = {Universal coding, information, prediction and estimation},
JOURNAL = {IEEE Transactions on Information Theory},
VOLUME = {30},
YEAR = {1984},
PAGES = {629-636},
}

@Book{grunwald2007,
  author =      "P.D. {Gr\"unwald}",
  title =        "The {M}inimum {D}escription {L}ength Principle",
  publisher =    "MIT Press",
  month =        "June",
  year =         "2007",
}

@BOOK{cover1991,
  title = {Elements of Information Theory},
  publisher = {John Wiley},
  series =  "Series in telecommunications",
  year = {1991},
  author = {T.M. Cover and J.A. Thomas},
  owner = {erven},
}

@article{Shannon1948,
  author  =       "C.E. Shannon",
  title   =       "A Mathematical Theory of Communication",
  journal =       "Bell Systems Technical Journal",
  year    =       "1948",
  volume  =       "27",
  pages   =       "379-423, 623-656",
}

@inproceedings{GottronKSS13,
  author    = {Thomas Gottron and
               Malte Knauf and
               Stefan Scheglmann and
               Ansgar Scherp},
  title     = {A Systematic Investigation of Explicit and Implicit Schema
               Information on the Linked Open Data Cloud},
  booktitle = {ESWC},
  year      = 2013,
  pages     = {228-242},
  ee        = {http://dx.doi.org/10.1007/978-3-642-38288-8_16},
  bibsource = {DBLP, http://dblp.uni-trier.de}
}

@article{Fernandez2013,
	author = {Javier D. Fern\'andez and Miguel A. Mart\'\i nez-Prieto and Claudio Guti\'errez and Axel Polleres and Mario Arias},
	title = {Binary {RDF} Representation for Publication and Exchange ({HDT})},
	journal = {Web Semantics: Science, Services and Agents on the World Wide Web},
	volume = {19},
	number = {0},
	year = {2013},
	publisher = {Elsevier},
	keywords = {RDF, Binary formats, Data compaction and compression, RDF metrics},
	issn = {1570-8268},
	url = {http://www.websemanticsjournal.org/index.php/ps/article/view/328}
}


% Proof of Kraft inequality: see for instance~\cite[page 82]{cover1991}.
@ARTICLE{KraftMcMillan1956,
  author={McMillan, B.}, 
  journal={IEEE Transactions on Information Theory}, 
  title={Two inequalities implied by unique decipherability}, 
  year={1956}, 
  month={December}, 
  volume={2}, 
  number={4}, 
  pages={115-116}, 
  doi={10.1109/TIT.1956.1056818}, 
  ISSN={0096-1000},
}

@article{Rissanen1976,
  author      = "J. Rissanen",
  title =       "Generalized {K}raft Inequality and Arithmetic Coding",
  year = "1976",
  journal = "{IBM} Journal of Research and Development",
  volume = "20",
  number = "3",
  page = "198",
}

@ARTICLE{krichevsky1981,
  author =       {Raphail E. Krichevsky and Victor K. Trofimov},
  title =        {The Performance of Universal Encoding},
  journal =      {IEEE Transactions on Information Theory},
  year =         1981,
  volume =       27,
  pages =        {199--207},
  number =       2,
  month =        mar,
  owner =        {erven},
}

@article{pitman1997,
author = "J. Pitman and M. Yor",
doi = "10.1214/aop/1024404422",
journal = "The Annals of Probability",
month = "04",
number = "2",
pages = "855--900",
publisher = "The Institute of Mathematical Statistics",
title = "The two-parameter {Poisson-Dirichlet} distribution derived from a
 stable subordinator",
url = "http://dx.doi.org/10.1214/aop/1024404422",
volume = "25",
year = "1997"
}

@book{Garey1990,
 author = {Garey, Michael R. and Johnson, David S.},
 title = {Computers and Intractability; A Guide to the Theory of NP-Completeness},
 year = {1990},
 isbn = {0716710455},
 publisher = {W. H. Freeman \& Co.},
 address = {New York, NY, USA},
} 