@Book{AntoniouGrothHarmelenHoekstra2012,
  author = {
    Grigoris Antoniou and
    Paul Groth and
    Frank van Harmelen and
    Rinke Hoekstra
  },
  title ={A Semantic Web Primer (Third Edition)},
  publisher ={The MIT Press},
  year = {2012}
}

@Book{BaaderNutt2003,
  author = {Franz Baader and Werner Nutt},
  editor = {Franz Baader},
  publisher = {Cambridge University Press},
  title = {
    The Description Logic HandBook:
    Theory, Implementation, and Application
  },
  year = {2003}
}

@Article{BianconiPinMarsili2009,
  author = {Bianconi, Ginestra and Pin, Paolo and Marsili, Matteo},
  title = {Assessing the relevance of node features for network structure},
  journal = {Proceedings of the National Academy of Sciences},
  year = {2009},
  volume = {106},
  pages = {11433--11438},
  number = {28},
  publisher = {National Acad Sciences}
}

@InProceedings{Carroll2004,
  author = {
    Jeremy J. Carroll and
    Ian Dickinson and
    Chris Dollin and
    Dave Reynolds and
    Andy Seaborne and
    Kevin Wilkinson
  },
  booktitle = {
    Proceedings of the 13th international {World Wide Web} conference
  },
  organization = {{ACM}},
  pages={74--83},
  title={Jena: implementing the semantic web recommendations},
  year = {2004}
}

@Book{Charniak85,
  title = {Introduction to Artificial Intelligence},
  publisher = {Addison-Wesley},
  year = {1985},
  author = {E. Charniak and D. McDermott},
  address = {Reading, MA}
}

@Article{CilibrasiVitanyi2007,
  author = {Rudi L. Cilibrasi and Paul M. B. Vitanyi},
  journal = {{IEEE} Transactions on Knowledge and Data Engineering},
  number = {3},
  pages = {370--383},
  publisher = {IEEE},
  title = {The google similarity distance},
  volume = {19},
  year = {2007}
}

@Misc{data2semantics,
  title = {data2semantics \url{http://www.data2semantics.org}},
  url = {http://www.data2semantics.org/}
}

@Article{Deb2001,
  author = {Kalyanmoy Deb},
  title = {Multi-objective optimization},
  journal = {Multi-objective optimization using evolutionary algorithms},
  year = {2001},
  pages = {13--46},
  publisher = {John Wiley \& Sons Hoboken, NJ}
}

@Article{Dijkstra1968,
  author = {E.W. Dijkstra},
  title = {Goto statements considered harmful},
  journal = {Communications of the ACM},
  year = {1968},
  volume = {11},
  pages = {147--148},
  number = {3}
}

@Book{DomingueFenselHedler2011,
  title = {HandBook of Semantic Web Technologies},
  publisher = {Berlin Heidelberg: Springer-Verlag},
  year = {2011},
  editor = {J. Domingue and Dieter Fensel and Jim A. Hendler}
}

@Book{EasleyKleinberg2012,
  author = {David Easley and Jon Kleinberg}
  publisher = {Wiley Online Library},
  title = {
    Networks, Crowds, and Markets:
    Reasoning about a highly connected	world
  },
  year = {2012}
}

@Misc{Gephi,
  title = {Gephi \url{https://gephi.org}},
  crossref = {Gephi},
  url = {https://gephi.org}
}

@Article{Goldberg1991,
  author = {David Goldberg},
  journal = {{ACM} Computing Surveys ({CSUR})},
  number = {1},
  pages = {5--48},
  publisher = {{ACM}},
  title = {
    What every computer scientist should know about floating-point arithmetic
  },
  volume={23},
  year={1991}
}

@Book{Grice1989,
  author = {H.P. Grice},
  publisher = {Harvard University Press},
  title = {Studies in the Way of Words},
  year = {1989}
}

@Article{HeathBizer2011,
  author = {Tom Heath and Christian Bizer},
  title = {Linked data: Evolving the web into a global data space},
  journal = {Synthesis lectures on the semantic web: theory and technology},
  year = {2011},
  volume = {1},
  pages = {1--136},
  number = {1},
  publisher = {Morgan \& Claypool Publishers}
}

@Article{HorrocksPaterschneiderHarmelen2003,
  author = {
    Ian Horrocks and
    Peter F. Patel-Schneider and
    Frank Van Harmelen
  },
  journal = {
    Web semantics: science, services and agents on the World Wide Web
  },
  number = {1},
  pages = {7--26},
  publisher = {Elsevier},
  title = {
    From {SHIQ} and {RDF} to {OWL}: The making of a web ontology language
  },
  volume = {1},
  year = {2003}
}

@Book{Kowalski1979,
  title = {Logic for Problem Solving},
  year = {1979},
  author = {R. Kowalski}
}

@Article{Lee2001,
  author = {Tim Berners-Lee and James Hendler and Ora Lassila},
  title = {The Semantic Web},
  journal = {Scientific American},
  year = {2001},
  owner = {wbeek},
  timestamp = {2013.08.31}
}

@Article{LeungFan2002,
  author = {Hareton Leung and Zhang Fan},
  title = {Software Cost Estimation},
  journal = {
    HandBook of Software Engineering, Hong Kong Polytechnic University
  },
  year = {2002}
}

@Misc{Oaei2012,
  author = {OAEI},
  title = {
    The instance matching track of
    the Ontology Alignment Evaluation Initative ({OAEI}) 2012
  },
  url = {http://www.instancematching.org/oaei/},
  year = {2012}
}

@Book{Pawlak1991,
  author = {Zdzis≈Çaw Pawlak},
  year = {1991},
  title = {Rough Sets: Theoretical Aspects of Reasoning About Data},
  publisher = {Kluwer Academic Publishing Dordrecht},
  isbn = {0-7923-1472-7}
}

@Misc{PraSem,
  author = {Stefan Schlobach},
  title = {PraSem \url{http://altsemantics.files.wordpress.com/2012/04/prasem.pdf}}
}

@Article{Schreiber2006,
  author = {
    Guus Schreiber and
    A. Amin and
    M. van Assem and
    Victor de Boer and
    L. Hardman and
    Michiel Hildebrand and
    Lura Hollink and
    Z. Huang and
    J. van Kersen and
    M. de Niet and
    B. Omelayenko and
    Jacco van Ossenbruggen and
    Ronald Siebes and
    J. Taekema and
    Jan Wielemaker and
    Bob Wielinga
  },
  title = {{MultimediaN} E-Culture Demonstrator},
  journal = {The Semantic Web - ISWC 2006, Athens, Georgia},
  volume = {4273},
  series = {Lecture Notes in Computer Science},
  pages = {951--958},
  publisher = {Springer Verlag},
  month = {November},
  year = {2006},
  note = {Winner of the Semantic Web Challenge 2006}
}

@Conference{SemanticsBigData2013,
  author = {AAAI},
  title = {
    Semantics for Big Data:
    {AAAI} Fall Symposium 2013
  },
  url = {http://stko.geog.ucsb.edu/s4bd2013/},
  year = {2013}
}

@INPROCEEDINGS{Steels1998,
  author = {Luc Steels},
  title = {Bootstrapping Cognition through Language},
  Booktitle = {
    Proceedings of the Tenth Netherlands/Belgium Conference on
    Artificial Intelligence (NAIC'98)
  },
  year = {1998},
  editor = {H. La Poutr\'e and H.J. van den Herik},
  pages = {3}
}

@Misc{Synerscope,
  title = {Synerscope \url{http://www.synerscope.com}},
  crossref = {Synerscope},
  url = {http://www.synerscope.com}
}

@Book{VanSteen2010,
  author = {Maarten Van Steen},
  title = {Graph Theory and Complex Networks: An Introduction},
  year = {2010}
}

@InProceedings{Wielemaker2003,
  author = {Jan Wielemaker},
  journal = {
    Proceedings of 13th the Workshop on Logic-based methods in Programming Environments
  },
  pages = {1--16},
  title = {An Overview of the SWI-Prolog Programming Environment.},
  volume = {3},
  year = {2003}
}

@InBook{Wielemaker2005,
  author = {Jan Wielemaker},
  booktitle = {
    Logic programming for knowledge-intensive interactive applications
  },
  chapter = {
    An optimised semantic web query language implementation in prolog
  },
  pages = {128--142},
  publisher = {W\"orhman Print Service, Zutphen},
  year = {2005}
}

@Conference{Www2013,
  author = {
    International World Wide Web Conferences Steering Committee ({IW3C2})
  },
  title = {
    The Theory and Practice of Social Machines:
    {WWW} 2013 Workshop
  },
  url = {http://sociam.org/www2013/}
  year = {2013}
}

