@Standard{Bernerslee2010,
  author = {Tim Berners-Lee},
  title = {Linked Data},
  howpublished = {\url{http://www.w3.org/DesignIssues/LinkedData.html}},
  year = {2010}
}

@Standard{BrickleyGuha2004,
  title = {{RDF} vocabulary description language 1.0: RDF schema},
  organization = {W3C},
  institution = {W3C},
  author = {Dan Brickley and Ramanathan V. Guha},
  year = {2004}
}

@Standard{Charmod2005,
  title = {Character Model for the World Wide Web 1.0: Fundamentals},
  organization = {W3C},
  institution = {W3C},
  author = {Martin J. Dürst and François Yergeau and Richard Ishida and Misha
	Wolf and Tex Texin},
  month = {February},
  year = {2005},
  note = {http://www.w3.org/TR/2005/REC-charmod-20050215/}
}

@Article{DavidEzenatScharffeTrojahn2011,
  author = {
    J{\'e}r{\^o}me David and
    J{\'e}r{\^o}me Euzenat and
    Fran{\c{c}}ois Scharffe and
    C{\'a}ssia Trojahn dos Santos
  },
  journal = {Semantic Web},
  number = {1},
  pages = {3--10},
  publisher = {{IOS} Press},
  title = {The alignment {API} 4.0},
  volume = {2},
  year = {2011}
}

@Standard{Hayes2004,
  author = {Patrick Hayes and Brian McBridge},
  title = {{RDF} Semantics},
  institution = {W3C},
  year = {2004}
}

@Standard{KlyneCarroll2004,
  author = {Graham Klyne and Jeremy J. Carroll},
  language = {English},
  month = {February},
  number = {1},
  organization = {{W3C}},
  title = {
    Resource Description Framework ({RDF}):
    Concepts and Abstract Syntax
  },
  type = {{W3C} Recommendation},
  url = {http://www.w3.org/TR/2004/REC-rdf-concepts-20040210/},
  year = {2004}
}

@Standard{ManolaMiller2004,
  author = {Frank Manola and Eric Miller and Brian McBride},
  institution = {W3C},
  language = {English},
  organization = {W3C},
  title = {{RDF} Primer},
  type = {W3C Recommendation},
  url = {http://www.w3.org/TR/2004/REC-rdf-primer-20040210/},
  year = {2004}
}

@TechReport{MilesBechhofer2009,
  author = {Alistair Miles and Sean Bechhofer},
  bibsource = {http://w2.syronex.com/jmr/w3c-biblio},
  institution = {W3C},
  month = {August},
  note = {http://www.w3.org/TR/2009/REC-skos-reference-20090818/},
  title = {{SKOS} Simple Knowledge Organization System Reference},
  type = {{W3C} Recommendation},
  year = {2009}
}

@TechReport{MotikPaterschneiderGrau2012,
  author = {
    Boris Motik and
    Bernardo Cuenca Grau and
    Peter Patel-Schneider
  },
  bibsource = {http://w2.syronex.com/jmr/w3c-biblio},
  institution = {W3C},
  month = {December},
  note = {http://www.w3.org/TR/2012/REC-owl2-direct-semantics-20121211/},
  title = {
    {OWL} 2 Web Ontology Language Direct Semantics (Second Edition)
  },
  type = {{W3C} Recommendation},
  year = {2012}
}

@Standard{OpenAnnotation,
  title = {{OpenAnnotation}},
  url = {http://www.openannotation.org}
}

@Standard{RdfMimeType2003,
  title = {{\small \texttt{application/rdf+xml}} Media Type Registration},
  organization = {Network Working Group},
  institution = {Network Working Group},
  author = {A. Swartz},
  month = {September},
  year = {2003},
  url = {http://www.w3.org/2001/sw/RDFCore/mediatype-registration}
}

@Standard{Rfc3629,
  author = {F. Yergeau},
  institution = {RFC},
  language = {English},
  month = {November},
  organization = {RFC},
  title = {{UTF-8}, a transformation format of {ISO} 10646},
  url = {http://www.rfc-editor.org/info/rfc3629},
  year = {2003}
}

@Standard{Rfc3986,
  title = {Uniform Resource Identifier (URI): Generic Syntax},
  organization = {RFC},
  institution = {RFC},
  author = {Tim Berners-Lee and R. Fielding and L. Masinter},
  month = {January},
  year = {2005},
  url = {http://www.rfc-editor.org/info/rfc3986}
}

@Standard{Rfc4647,
  title = {Matching of Language Tags},
  organization = {RFC},
  institution = {RFC},
  author = {A. PhiA. Phillips. Davis},
  month = {September},
  year = {2006},
  url = {http://www.rfc-editor.org/info/rfc4647}
}

@Standard{Rfc5646,
  author = {A. Phillips and M. Davis},
  institution = {RFC},
  month = {September},
  organization = {RFC},
  title = {Tags for Identifying Languages},
  url = {http://www.rfc-editor.org/info/rfc5646},
  year = {2009}
}

@TechReport{Schneider:12:OWO,
  author = {Michael Schneider},
  bibsource = "http://w2.syronex.com/jmr/w3c-biblio",
  institution = {W3C},
  month = {December},
  note = {http://www.w3.org/TR/2012/REC-owl2-rdf-based-semantics-20121211/},
  title = {
    {OWL} 2 Web Ontology Language {RDF}-Based Semantics (Second Edition)
  },
  type = {{W3C} Recommendation},
  year = {2012}
}

@Standard{SparqlGraphStoreHttpProtocol,
  author = {Chimezie Ogbuji},
  organization = {W3C},
  institution = {W3C},
  title = {{SPARQL} 1.1 Graph Store {HTTP} Protocol}
}

@Standard{SparqlUpdate,
  author = {Paul Gearon and Alexandre Passant and Axel Polleres},
  organization = {W3C},
  institution = {W3C},
  title = {{SPARQL} 1.1 Update}
}

@Standard{Unicode2012,
  title = {Unicode Normalization Forms},
  organization = {Unicode Consortium},
  institution = {Unicode Consortium},
  author = {Mark Davis and Ken Whistler},
  month = {August},
  year = {2012},
  url = {http://www.unicode.org/reports/tr15/tr15-37.html}
}

@Standard{Void2011,
  author = {
    Keith Alexander and
    Richard Cyganiak and
    Michael Hausenbals and
    Jun Zhao
  },
  institution = {W3C},
  month = {March},
  organization = {W3C},
  title = {Describing Linked Datasets with the {VoID} Vocabulary},
  url = {http://www.w3.org/TR/2011/NOTE-void-20110303/},
  year = {2011}
}

@Standard{Webarch,
  title = {Architecture of the World Wide Web, Volume One},
  organization = {W3C},
  institution = {W3C},
  author = {Ian Jacobs and Norman Walsh}
}

@Standard{Xml2002,
  title = {Exclusive {XML} Canonicalization},
  organization = {W3C},
  institution = {W3C},
  author = {John Boyer and Donald E. Eastlake and Joseph Reagle},
  number = {1.0},
  month = {July},
  year = {2002},
  url = {http://www.w3.org/TR/2002/REC-xml-exc-c14n-20020718/}
}

@Standard{Xml2006,
  title = {Extensible Markup Language ({XML})},
  organization = {W3C},
  institution = {W3C},
  author = {
    Tim Bray and
    Jean Paoli and
    C.M. Sperberg-McQueen
    and Eve Maler and
    François Yergeau and
    John Cowan
  },
  number = {1.1},
  revision = {2},
  month = {August},
  year = {2006},
  url = {http://www.w3.org/TR/2006/REC-xml11-20060816/}
}

@Standard{Xml2008,
  title = {Extensible Markup Language ({XML})},
  organization = {W3C},
  institution = {W3C},
  author = {
    Tim Bray and
    Jean Paoli and
    C. M. Sperberg-McQueen and
    Eve Maler and
    François Yergeau
  },
  language = {English},
  number = {1.0},
  revision = {5},
  month = {November},
  year = {2008},
  url = {http://www.w3.org/TR/2008/REC-xml-20081126/},
}

@Standard{XmlNamespaces2009,
  title = {Namespaces in {XML}},
  organization = {W3C},
  institution = {W3C},
  author = {
    Tim Bray and
    Dave Hollander and
    Andrew Layman and
    Richard Tobin and
    Henry S. Thompson
  },
  revision = {3},
  month = {December},
  year = {2009},
  url = {http://www.w3.org/TR/2009/REC-xml-names-20091208/}
}

@Standard{XmlSchema2012,
  title = {
    {W3C} {XML} Schema Definition Language ({XSD}) 1.1 Part 2: Datatypes
  },
  organization = {W3C},
  institution = {W3C},
  author = {
    David Peterson and
    Shudi (Sandy) Gao and
    Ashok Malhotra and
    C.M. Sperberg-McQueen and
    Henry S. Thompson
  },
  language = {English},
  number = {1.1},
  month = {April},
  year = {2012},
  url = {http://www.w3.org/TR/2012/REC-xmlschema11-2-20120405/}
}
