
@article{Dalvi:2012:ASD:2180912.2180920,
 author = {Dalvi, Nilesh and Machanavajjhala, Ashwin and Pang, Bo},
 title = {An Analysis of Structured Data on the Web},
 journal = {Proc. VLDB Endow.},
 issue_date = {March 2012},
 volume = {5},
 number = {7},
 month = mar,
 year = {2012},
 issn = {2150-8097},
 pages = {680--691},
 numpages = {12},
 url = {http://dl.acm.org/citation.cfm?id=2180912.2180920},
 acmid = {2180920},
 publisher = {VLDB Endowment},
 keywords = {information connectivity, information spread, structured data on the web},
} 

@inproceedings{Etzioni:2004:WIE:988672.988687,
 author = {Etzioni, Oren and Cafarella, Michael and Downey, Doug and Kok, Stanley and Popescu, Ana-Maria and Shaked, Tal and Soderland, Stephen and Weld, Daniel S. and Yates, Alexander},
 title = {Web-scale Information Extraction in Knowitall: (Preliminary Results)},
 booktitle = {Proceedings of the 13th International Conference on World Wide Web},
 series = {WWW '04},
 year = {2004},
 isbn = {1-58113-844-X},
 location = {New York, NY, USA},
 pages = {100--110},
 numpages = {11},
 url = {http://doi.acm.org/10.1145/988672.988687},
 doi = {10.1145/988672.988687},
 acmid = {988687},
 publisher = {ACM},
 address = {New York, NY, USA},
 keywords = {information extraction, mutual information, pmi, search},
} 

@article{Adelfio:2013:SET:2536336.2536343,
 author = {Adelfio, Marco D. and Samet, Hanan},
 title = {Schema Extraction for Tabular Data on the Web},
 journal = {Proc. VLDB Endow.},
 issue_date = {April 2013},
 volume = {6},
 number = {6},
 month = apr,
 year = {2013},
 issn = {2150-8097},
 pages = {421--432},
 numpages = {12},
 url = {http://dl.acm.org/citation.cfm?id=2536336.2536343},
 acmid = {2536343},
 publisher = {VLDB Endowment},
} 

@inproceedings{DBLP:conf/www/HoganHPDP10,
  author    = {Aidan Hogan and
               Andreas Harth and
               Alexandre Passant and
               Stefan Decker and
               Axel Polleres},
  title     = {Weaving the Pedantic Web},
  booktitle = {LDOW},
  year      = {2010},
  ee        = {http://ceur-ws.org/Vol-628/ldow2010_paper04.pdf},
  crossref  = {DBLP:conf/www/2010ldow},
  bibsource = {DBLP, http://dblp.uni-trier.de}
}
@proceedings{DBLP:conf/www/2010ldow,
  editor    = {Christian Bizer and
               Tom Heath and
               Tim Berners-Lee and
               Michael Hausenblas},
  title     = {Proceedings of the WWW2010 Workshop on Linked Data on the
               Web, LDOW 2010, Raleigh, USA, April 27, 2010},
  booktitle = {LDOW},
  publisher = {CEUR-WS.org},
  series    = {CEUR Workshop Proceedings},
  volume    = {628},
  year      = {2010},
  ee        = {http://ceur-ws.org/Vol-628},
  bibsource = {DBLP, http://dblp.uni-trier.de}
}


@Article{miller2008open,
  title={Open Data Commons, a License for Open Data.},
  author={Miller, Paul and Styles, Rob and Heath, Tom},
  journal={LDOW},
  volume={369},
  year={2008}
}

@book{rosen2004open,
  title={Open source licensing},
  author={Rosen, Lawrence},
  year={2004},
  publisher={Prentice Hall PTR}
}

@incollection{wielemaker2003,
year={2003},
isbn={978-3-540-20362-9},
booktitle={The Semantic Web - ISWC 2003},
volume={2870},
series={Lecture Notes in Computer Science},
editor={Fensel, Dieter and Sycara, Katia and Mylopoulos, John},
doi={10.1007/978-3-540-39718-2_41},
title={Prolog-Based Infrastructure for RDF: Scalability and Performance},
url={http://dx.doi.org/10.1007/978-3-540-39718-2_41},
publisher={Springer Berlin Heidelberg},
author={Wielemaker, Jan and Schreiber, Guus and Wielinga, Bob},
pages={644-658}
}

@article{10.1109/MIS.2013.50,
author = {Thanassis Tiropanis and Wendy Hall and Nigel Shadbolt and David De Roure and Noshir Contractor and Jim Hendler},
title = {The Web Science Observatory},
journal ={IEEE Intelligent Systems},
volume = {28},
number = {2},
issn = {1541-1672},
year = {2013},
pages = {100-104},
doi = {http://doi.ieeecomputersociety.org/10.1109/MIS.2013.50},
publisher = {IEEE Computer Society},
address = {Los Alamitos, CA, USA},
}

@inproceedings{McKelvey2013wow,
  added-at = {2013-04-19T01:22:14.000+0200},
  author = {McKelvey, Karissa and Menczer, Filippo},
  biburl = {http://www.bibsonomy.org/bibtex/2da1c99687e82a0d59be8021504e0d64f/fil},
  booktitle = {Proc. First Intl. Web Observatory Workshop (WOW), Companion Publication of the WWW 2013 Conference},
  interhash = {6b469c4414d15e1b7b9d40c3b59d618e},
  intrahash = {da1c99687e82a0d59be8021504e0d64f},
  keywords = {complex_networks myown social traffic truthy web},
  note = {http://wow.oerc.ox.ac.uk/},
  pages = {1351--1357},
  timestamp = {2013-04-19T01:22:14.000+0200},
  title = {Design and Prototyping of a Social Media Observatory},
  url = {http://www2013.org/companion/p1351.pdf},
  year = 2013
}

@inproceedings{Gloria:2013:EWS:2487788.2488170,
 author = {Gloria, Marie Joan Kristine and McGuinness, Deborah L. and Luciano, Joanne S. and Zhang, Qingpeng},
 title = {Exploration in Web Science: Instruments for Web Observatories},
 booktitle = {Proceedings of the 22Nd International Conference on World Wide Web Companion},
 series = {WWW '13 Companion},
 year = {2013},
 isbn = {978-1-4503-2038-2},
 location = {Rio de Janeiro, Brazil},
 pages = {1325--1328},
 numpages = {4},
 url = {http://dl.acm.org/citation.cfm?id=2487788.2488170},
 acmid = {2488170},
 publisher = {International World Wide Web Conferences Steering Committee},
 address = {Republic and Canton of Geneva, Switzerland},
 keywords = {linked data, methods, semantic technologies, web observatory},
} 

@inproceedings{Spaniol:2012:TEW:2187980.2188030,
 author = {Spaniol, Marc and Weikum, Gerhard},
 title = {Tracking Entities in Web Archives: The LAWA Project},
 booktitle = {Proceedings of the 21st International Conference Companion on World Wide Web},
 series = {WWW '12 Companion},
 year = {2012},
 isbn = {978-1-4503-1230-1},
 location = {Lyon, France},
 pages = {287--290},
 numpages = {4},
 url = {http://doi.acm.org/10.1145/2187980.2188030},
 doi = {10.1145/2187980.2188030},
 acmid = {2188030},
 publisher = {ACM},
 address = {New York, NY, USA},
 keywords = {entity analytics, fire, temporal web analytics},
} 

@inproceedings{Diaz-Aviles:2013:LAM:2487788.2488169,
 author = {Diaz-Aviles, Ernesto},
 title = {Living Analytics Methods for the Web Observatory},
 booktitle = {Proceedings of the 22Nd International Conference on World Wide Web Companion},
 series = {WWW '13 Companion},
 year = {2013},
 isbn = {978-1-4503-2038-2},
 location = {Rio de Janeiro, Brazil},
 pages = {1321--1324},
 numpages = {4},
 url = {http://dl.acm.org/citation.cfm?id=2487788.2488169},
 acmid = {2488169},
 publisher = {International World Wide Web Conferences Steering Committee},
 address = {Republic and Canton of Geneva, Switzerland},
 keywords = {big fast data, collective intelligence, recommender systems, web observatory},
} 


@article{luciano2013emergent,
  title={The Emergent Discipline of Health Web Science},
  author={Luciano, Joanne S and Cumming, Grant P and Wilkinson, Mark D and Kahana, Eva},
  journal={Journal of medical Internet research},
  volume={15},
  number={8},
  year={2013},
  publisher={JMIR Publications Inc.}
}

@inproceedings{Naveed:2011:AAT:2527031.2527033,
 author = {Naveed, Nasir and Sizov, Sergej and Staab, Steffen},
 title = {ATT: Analyzing Temporal Dynamics of Topics and Authors in Social Media},
 booktitle = {Proceedings of the 3rd International Web Science Conference},
 series = {WebSci '11},
 year = {2011},
 isbn = {978-1-4503-0855-7},
 location = {Koblenz, Germany},
 pages = {1:1--1:7},
 articleno = {1},
 numpages = {7},
 url = {http://doi.acm.org/10.1145/2527031.2527033},
 doi = {10.1145/2527031.2527033},
 acmid = {2527033},
 publisher = {ACM},
 address = {New York, NY, USA},
 keywords = {probabilistic models, text categorization, topic modeling},
} 

@inproceedings{Kunegis:2013:KKN:2487788.2488173,
 author = {Kunegis, J{\'e}r\^{o}me},
 title = {KONECT: The Koblenz Network Collection},
 booktitle = {Proceedings of the 22Nd International Conference on World Wide Web Companion},
 series = {WWW '13 Companion},
 year = {2013},
 isbn = {978-1-4503-2038-2},
 location = {Rio de Janeiro, Brazil},
 pages = {1343--1350},
 numpages = {8},
 url = {http://dl.acm.org/citation.cfm?id=2487788.2488173},
 acmid = {2488173},
 publisher = {International World Wide Web Conferences Steering Committee},
 address = {Republic and Canton of Geneva, Switzerland},
 keywords = {network analysis, web observatory},
} 

@proceedings{Byers:2012:2398776,
 title = {IMC '12: Proceedings of the 2012 ACM Conference on Internet Measurement Conference},
 year = {2012},
 isbn = {978-1-4503-1705-4},
 location = {Boston, Massachusetts, USA},
 note = {423123},
 publisher = {ACM},
 address = {New York, NY, USA},
} 

@inproceedings{rdfa-deployment2013,
  added-at = {2013-09-02T18:03:39.000+0200},
  author = {Bizer, Christian and Eckert, Kai and Meusel, Robert and M\"uhleisen, Hannes and Schuhmacher, Michael and V\"olker, Johanna},
  biburl = {http://www.bibsonomy.org/bibtex/2876b8955f53e1287ee701dbfb1759831/volha.bryl},
  booktitle = {12th International Semantic Web Conference, 21-25 October 2013, Sydney, Australia, In-Use track},
  interhash = {49435e729388d552919ea2595c82f6f0},
  intrahash = {876b8955f53e1287ee701dbfb1759831},
  keywords = {lod2page},
  timestamp = {2013-09-02T18:03:39.000+0200},
  title = {Deployment of RDFa, Microdata, and Microformats on the Web - A Quantitative Analysis},
  year = 2013
}


@book{baddatabook,
  Author = {Q. Ethan McCallum},
  Title = {Bad Data Handbook: Cleaning Up The Data So You Can Get Back To Work},
  Publisher = {O'Reilly Media},
  Year = {2012},
  ISBN = {1449321887},
  URL = {http://www.amazon.com/Bad-Data-Handbook-Cleaning-Back/dp/1449321887}
}

@incollection{sparqlready2013,
year={2013},
isbn={978-3-642-41337-7},
booktitle={The Semantic Web, ISWC 2013},
volume={8219},
series={Lecture Notes in Computer Science},
editor={Alani, Harith and Kagal, Lalana and Fokoue, Achille and Groth, Paul and Biemann, Chris and Parreira, Josiane Xavier and Aroyo, Lora and Noy, Natasha and Welty, Chris and Janowicz, Krzysztof},
doi={10.1007/978-3-642-41338-4_18},
title={SPARQL Web-Querying Infrastructure: Ready for Action?},
url={http://dx.doi.org/10.1007/978-3-642-41338-4_18},
publisher={Springer Berlin Heidelberg},
author={Buil-Aranda, Carlos and Hogan, Aidan and Umbrich, J\"urgen and Vandenbussche, Pierre-Yves},
pages={277-293}
}

@incollection{linkedatadynamics2013,
year={2013},
isbn={978-3-642-38287-1},
booktitle={The Semantic Web: Semantics and Big Data},
volume={7882},
series={Lecture Notes in Computer Science},
editor={Cimiano, Philipp and Corcho, Oscar and Presutti, Valentina and Hollink, Laura and Rudolph, Sebastian},
doi={10.1007/978-3-642-38288-8_15},
title={Observing Linked Data Dynamics},
url={http://dx.doi.org/10.1007/978-3-642-38288-8_15},
publisher={Springer Berlin Heidelberg},
author={K\"afer, Tobias and Abdelrahman, Ahmed and Umbrich, J\"urgen and O`Byrne, Patrick and Hogan, Aidan},
pages={213-227}
}

@inproceedings{conf/www/HoganHPDP10,
  added-at = {2011-09-20T00:00:00.000+0200},
  author = {Hogan, Aidan and Harth, Andreas and Passant, Alexandre and Decker, Stefan and Polleres, Axel},
  biburl = {http://www.bibsonomy.org/bibtex/202386bf883ab65de5690b4e21de1d3be/dblp},
  booktitle = {LDOW},
  crossref = {DBLP:conf/www/2010ldow},
  editor = {Bizer, Christian and Heath, Tom and Berners-Lee, Tim and Hausenblas, Michael},
  ee = {http://ceur-ws.org/Vol-628/ldow2010_paper04.pdf},
  interhash = {6a5a1ba466151b7b9e881d852a953349},
  intrahash = {02386bf883ab65de5690b4e21de1d3be},
  keywords = {dblp},
  publisher = {CEUR-WS.org},
  series = {CEUR Workshop Proceedings},
  timestamp = {2011-09-20T00:00:00.000+0200},
  title = {Weaving the Pedantic Web.},
  url = {http://dblp.uni-trier.de/db/conf/www/ldow2010.html#HoganHPDP10},
  volume = 628,
  year = 2010
}

@article{Hendler:2008:WSI:1364782.1364798,
 author = {Hendler, James and Shadbolt, Nigel and Hall, Wendy and Berners-Lee, Tim and Weitzner, Daniel},
 title = {Web Science: An Interdisciplinary Approach to Understanding the Web},
 journal = {Commun. ACM},
 issue_date = {July 2008},
 volume = {51},
 number = {7},
 month = jul,
 year = {2008},
 issn = {0001-0782},
 pages = {60--69},
 numpages = {10},
 url = {http://doi.acm.org/10.1145/1364782.1364798},
 doi = {10.1145/1364782.1364798},
 acmid = {1364798},
 publisher = {ACM},
 address = {New York, NY, USA},
} 

@techreport{bismodelslogd,
    author    = "Phil Archer and Makx Dekkers and Stijn Goedertier and Nikolaos Loutas",
    title     = "Study on business models for Linked Open Government Data",
    institution = "European Commission",
    number   = "SC6DI06692",
    year      = "2013",
    month    = "November",
    url = {http://ec.europa.eu/isa/documents/study-on-business-models-open-government_en.pdf}
}

@book{Heath2011,
  abstract = {The World Wide Web has enabled the creation of a global information space comprising linked documents. As the Web becomes ever more enmeshed with our daily lives, there is a growing desire for direct access to raw data not currently available on the Web or bound up in hypertext documents. Linked Data provides a publishing paradigm in which not only documents, but also data, can be a first class citizen of the Web, thereby enabling the extension of the Web with a global data space based on open standards - the Web of Data. In this Synthesis lecture we provide readers with a detailed technical introduction to Linked Data. We begin by outlining the basic principles of Linked Data, including coverage of relevant aspects of Web architecture. The remainder of the text is based around two main themes - the publication and consumption of Linked Data. Drawing on a practical Linked Data scenario, we provide guidance and best practices on: architectural approaches to publishing Linked Data; choosing URIs and vocabularies to identify and describe resources; deciding what data to return in a description of a resource on the Web; methods and frameworks for automated linking of data sets; and testing and debugging approaches for Linked Data deployments. We give an overview of existing Linked Data applications and then examine the architectures that are used to consume Linked Data from the Web, alongside existing tools and frameworks that enable these. Readers can expect to gain a rich technical understanding of Linked Data fundamentals, as the basis for application development, research or further study.  Keywords: web technology, databases, linked data, web of data, semantic web, world wide web, dataspaces, data integration, data management, web engineering, resource description framework},
  added-at = {2011-06-08T16:03:02.000+0200},
  author = {Heath, Tom and Bizer, Christian},
  biburl = {http://www.bibsonomy.org/bibtex/2c397781f6a6e59e824f620843712c3a0/gromgull},
  edition = {1st},
  interhash = {1c54420f01635ab86006262304d1e78f},
  intrahash = {c397781f6a6e59e824f620843712c3a0},
  isbn = {9781608454303},
  keywords = {book linked-open-data linkeddata},
  publisher = {Morgan \& Claypool},
  timestamp = {2011-06-08T16:03:02.000+0200},
  title = {Linked Data: Evolving the Web into a Global Data Space},
  url = {http://linkeddatabook.com/},
  year = 2011
}

