@Standard{AlexanderCyganiakHausenbalsZhao2011,
  author = {
    Keith Alexander and
    Richard Cyganiak and
    Michael Hausenbals and
    Jun Zhao
  },
  institution = {{W3C}},
  month = {March},
  organization = {{W3C}},
  title = {Describing Linked Datasets with the {VoID} Vocabulary},
  url = {http://www.w3.org/TR/2011/NOTE-void-20110303/},
  year = {2011}
}

@Book{AntoniouGrothHarmelenHoekstra2012,
  author = {
    Grigoris Antoniou and
    Paul Groth and
    Frank van Harmelen and
    Rinke Hoekstra
  },
  title ={A Semantic Web Primer (Third Edition)},
  publisher ={The MIT Press},
  year = {2012}
}

@Book{BaaderNutt2003,
  author = {Franz Baader and Werner Nutt},
  editor = {Franz Baader},
  publisher = {Cambridge University Press},
  title = {
    The Description Logic HandBook:
    Theory, Implementation, and Application
  },
  year = {2003}
}

@Standard{Bernerslee2006,
  author = {Tim Berners-Lee},
  title = {{RDF} Schema 1.1},
  howpublished = {\url{http://www.w3.org/DesignIssues/LinkedData.html}},
  year = {2006}
}

@Standard{Bernerslee2010,
  author = {Tim Berners-Lee},
  title = {{Linked Data}},
  howpublished = {\url{http://www.w3.org/DesignIssues/LinkedData.html}},
  year = {2010}
}

@Article{BernersleeHendlerLassila2001,
  author = {Tim Berners-Lee and James Hendler and Ora Lassila},
  title = {The Semantic Web},
  journal = {Scientific American},
  year = {2001},
  owner = {wbeek},
  timestamp = {2013.08.31}
}

@Article{BianconiPinMarsili2009,
  author = {Bianconi, Ginestra and Pin, Paolo and Marsili, Matteo},
  title = {Assessing the relevance of node features for network structure},
  journal = {Proceedings of the National Academy of Sciences},
  year = {2009},
  volume = {106},
  pages = {11433--11438},
  number = {28},
  publisher = {National Acad Sciences}
}

@Standard{BoyesEastlakeReagle2002,
  title = {Exclusive {XML} Canonicalization},
  organization = {{W3C}},
  institution = {{W3C}},
  author = {John Boyer and Donald E. Eastlake and Joseph Reagle},
  number = {1.0},
  month = {July},
  year = {2002},
  url = {http://www.w3.org/TR/2002/REC-xml-exc-c14n-20020718/}
}

@Standard{BrayPaoliSperbergmcqueenMalerYergeauCowan2006,
  title = {{Extensible Markup Language} ({XML})},
  organization = {{W3C}},
  institution = {{W3C}},
  author = {
    Tim Bray and
    Jean Paoli and
    C.M. Sperberg-McQueen and
    Eve Maler and
    Fran\c{c}ois Yergeau and
    John Cowan
  },
  number = {1.1},
  revision = {2},
  month = {August},
  year = {2006},
  url = {http://www.w3.org/TR/2006/REC-xml11-20060816/}
}

@Standard{BrayPaoliSperbergmcqueenMalerYergeauCowan2008,
  title = {{Extensible Markup Language} ({XML})},
  organization = {{W3C}},
  institution = {{W3C}},
  author = {
    Tim Bray and
    Jean Paoli and
    C. M. Sperberg-McQueen and
    Eve Maler and
    Fran\c{c}ois Yergeau
  },
  language = {English},
  number = {1.0},
  revision = {5},
  month = {November},
  year = {2008},
  url = {http://www.w3.org/TR/2008/REC-xml-20081126/}
}

@Standard{BrayHollanderLaymanTobinThompson2009,
  title = {Namespaces in {XML}},
  organization = {{W3C}},
  institution = {{W3C}},
  author = {
    Tim Bray and
    Dave Hollander and
    Andrew Layman and
    Richard Tobin and
    Henry S. Thompson
  },
  revision = {3},
  month = {December},
  year = {2009},
  url = {http://www.w3.org/TR/2009/REC-xml-names-20091208/}
}

@Standard{BrickleyGuha2004,
  title = {{RDF} vocabulary description language 1.0: {RDF} schema},
  organization = {{W3C}},
  institution = {{W3C}},
  author = {Dan Brickley and Ramanathan V. Guha},
  year = {2004}
}

@Standard{BrickleyGuha2014,
  title = {{RDF} Schema 1.1},
  author = {Dan Brickley and Ramanathan V. Guha},
  year = {2014}
}

@InProceedings{BuikstraNethSchoolerTenteijeVanharmelen2011,
  title = {Ranking query results from {Linked Open Data} using a simple cognitive heuristic.},
  author = {Arjon Buikstra and Hansj{\"o}rg Neth and Lael Schooler and Annette ten Teije and Frank van Harmelen},
  booktitle = {Linked Data Handbook},
  pages = {55--60},
  year = {2011}
}

@InProceedings{Carroll2004,
  author = {
    Jeremy J. Carroll and
    Ian Dickinson and
    Chris Dollin and
    Dave Reynolds and
    Andy Seaborne and
    Kevin Wilkinson
  },
  booktitle = {
    Proceedings of the 13th international {World Wide Web} conference
  },
  organization = {{ACM}},
  pages={74--83},
  title={Jena: implementing the semantic web recommendations},
  year = {2004}
}

@Book{CharniakMcdermott1985,
  title = {Introduction to {Artificial Intelligence}},
  publisher = {Addison-Wesley},
  year = {1985},
  author = {E. Charniak and D. McDermott},
  address = {Reading, MA}
}

@Article{CilibrasiVitanyi2007,
  author = {Rudi L. Cilibrasi and Paul M. B. Vitanyi},
  journal = {{IEEE} Transactions on Knowledge and Data Engineering},
  number = {3},
  pages = {370--383},
  publisher = {IEEE},
  title = {The google similarity distance},
  volume = {19},
  year = {2007}
}

% Proof of Kraft inequality: see for instance~\cite[page 82]{CoverThomas1991}.
@Book{CoverThomas1991,
  title = {Elements of Information Theory},
  publisher = {John Wiley},
  series =  {Series in telecommunications},
  year = {1991},
  author = {T.M. Cover and J.A. Thomas}
}

@Article{CyganiakJentzsch2011,
  author = {Richard Cyganiak and Anja Jentzsch},
  title = {The Linking Open Data cloud diagram},
  url = {http://lod-cloud.net/},
  year = {2011}
}

@Misc{data2semantics,
  title = {data2semantics \url{http://www.data2semantics.org}},
  url = {http://www.data2semantics.org/}
}

@Article{DavidEzenatScharffeTrojahndossantos2011,
  author = {
    J{\'e}r{\^o}me David and
    J{\'e}r{\^o}me Euzenat and
    Fran{\c{c}}ois Scharffe and
    C{\'a}ssia Trojahn dos Santos
  },
  journal = {{Semantic Web} Journal},
  number = {1},
  pages = {3--10},
  publisher = {{IOS} Press},
  title = {The alignment {API} 4.0},
  volume = {2},
  year = {2011}
}

@Standard{DavisWhistler2012,
  title = {{Unicode} Normalization Forms},
  organization = {{Unicode Consortium}},
  institution = {{Unicode Consortium}},
  author = {Mark Davis and Ken Whistler},
  month = {August},
  year = {2012},
  url = {http://www.unicode.org/reports/tr15/tr15-37.html}
}

@Article{Deb2001,
  author = {Kalyanmoy Deb},
  title = {Multi-objective optimization},
  journal = {Multi-objective optimization using evolutionary algorithms},
  year = {2001},
  pages = {13--46},
  publisher = {John Wiley \& Sons Hoboken, NJ}
}

@Article{Dijkstra1968,
  author = {E.W. Dijkstra},
  title = {Goto statements considered harmful},
  journal = {Communications of the ACM},
  year = {1968},
  volume = {11},
  pages = {147--148},
  number = {3}
}

@Book{DomingueFenselHedler2011,
  title = {HandBook of Semantic Web Technologies},
  publisher = {Berlin Heidelberg: Springer-Verlag},
  year = {2011},
  editor = {J. Domingue and Dieter Fensel and Jim A. Hendler}
}

@Standard{DurstYergeauIshidaWolfTexin2005,
  title = {Character Model for the {World Wide Web} 1.0: Fundamentals},
  organization = {W3C},
  institution = {W3C},
  author = {
    Martin J. D\"{u}rst and
    Fran\c{c}ois Yergeau and
    Richard Ishida and
    Misha Wolf and
    Tex Texin
  },
  month = {February},
  year = {2005},
  url = {http://www.w3.org/TR/2005/REC-charmod-20050215/}
}

@Book{EasleyKleinberg2012,
  author = {David Easley and Jon Kleinberg},
  publisher = {Wiley Online Library},
  title = {
    Networks, Crowds, and Markets:
    Reasoning about a highly connected  world
  },
  year = {2012}
}

@Article{FernandezMartinezGutierrezPolleresArias2013,
  author = {Javier D. Fern\'andez and Miguel A. Mart\'\i nez-Prieto and Claudio Guti\'errez and Axel Polleres and Mario Arias},
  title = {Binary {RDF} Representation for Publication and Exchange ({HDT})},
  journal = {Web Semantics: Science, Services and Agents on the World Wide Web},
  volume = {19},
  number = {0},
  year = {2013},
  publisher = {Elsevier},
  keywords = {
    {RDF},
    Binary formats,
    Data compaction and compression,
    {RDF} metrics
  },
  issn = {1570-8268},
  url = {http://www.websemanticsjournal.org/index.php/ps/article/view/328}
}

@book{GareyJohnson1990,
  author = {Michael R. Garey and David S. Johnson},
  title = {
    Computers and Intractability; A Guide to the Theory of {NP}-Completeness
  },
  year = {1990},
  isbn = {0716710455},
  publisher = {W. H. Freeman \& Co.},
  address = {New York, USA},
}

@Standard{GearonPassantPolleres,
  author = {Paul Gearon and Alexandre Passant and Axel Polleres},
  organization = {{W3C}},
  institution = {{W3C}},
  title = {{SPARQL} 1.1 Update}
}

@Misc{Gephi,
  title = {Gephi \url{https://gephi.org}},
  crossref = {Gephi},
  url = {https://gephi.org}
}

@Article{Goldberg1991,
  author = {David Goldberg},
  journal = {{ACM} Computing Surveys ({CSUR})},
  number = {1},
  pages = {5--48},
  publisher = {{ACM}},
  title = {
    What every computer scientist should know about floating-point arithmetic
  },
  volume={23},
  year={1991}
}

@inproceedings{GottronKnaufScheglmannScherp2013,
  author = {
    Thomas Gottron and
    Malte Knauf and
    Stefan Scheglmann and
    Ansgar Scherp
  },
  title = {
    A Systematic Investigation of Explicit and Implicit Schema
    Information on the {Linked Open Data} Cloud
  },
  booktitle = {Proceedings of the European Semantic Web Conference},
  year = {2013},
  pages = {228--242},
  ee = {http://dx.doi.org/10.1007/978-3-642-38288-8_16},
  bibsource = {{DBLP}, http://dblp.uni-trier.de}
}

@Book{Grice1989,
  author = {H.P. Grice},
  publisher = {Harvard University Press},
  title = {Studies in the Way of Words},
  year = {1989}
}

@Book{Grunwald2007,
  author = {P.D. {Gr\"unwald}},
  title = {The {Minimum Description Length} Principle},
  publisher = {{MIT} Press},
  month = {June},
  year = {2007}
}

@Misc{Hausenblas,
  author = {Michael Hausenblas},
  name = {5 Star Open Data},
  url = {http://5stardata.info/}
}

@Standard{HayesMcbridge2004,
  author = {Patrick Hayes and Brian McBridge},
  title = {{RDF} Semantics},
  institution = {{W3C}},
  year = {2004}
}

@Standard{HayesPatelschneider2014,
  author = {Patrick J. Hayes and Peter F. Patel-Schneider},
  title = {{RDF} 1.1 Semantics},
  year = {2014}
}

@Article{HeathBizer2011,
  author = {Tom Heath and Christian Bizer},
  title = {Linked data: Evolving the web into a global data space},
  journal = {Synthesis lectures on the semantic web: theory and technology},
  year = {2011},
  volume = {1},
  pages = {1--136},
  number = {1},
  publisher = {Morgan \& Claypool Publishers}
}

@Article{HorrocksPaterschneiderHarmelen2003,
  author = {
    Ian Horrocks and
    Peter F. Patel-Schneider and
    Frank Van Harmelen
  },
  journal = {
    Web semantics: science, services and agents on the World Wide Web
  },
  number = {1},
  pages = {7--26},
  publisher = {Elsevier},
  title = {
    From {SHIQ} and {RDF} to {OWL}: The making of a web ontology language
  },
  volume = {1},
  year = {2003}
}

@Standard{IANA-URI,
  author = {{Internet Assigned Numbers Authority} ({IANA})},
  title = {{Uniform Resource Identifier} ({URI}) Schemes},
  organization = {{Internet Assigned Numbers Authority} ({IANA})},
  url = {http://www.iana.org/assignments/uri-schemes/uri-schemes.xhtml}
}

@Standard{JacobsWalsh,
  title = {Architecture of the {World Wide Web}, Volume One},
  organization = {{W3C}},
  institution = {{W3C}},
  author = {Ian Jacobs and Norman Walsh}
}

@Standard{KlyneCarroll2004,
  author = {Graham Klyne and Jeremy J. Carroll},
  language = {English},
  month = {February},
  number = {1},
  organization = {{W3C}},
  title = {
    Resource Description Framework ({RDF}):
    Concepts and Abstract Syntax
  },
  type = {{W3C} Recommendation},
  url = {http://www.w3.org/TR/2004/REC-rdf-concepts-20040210/},
  year = {2004}
}

@Book{Kowalski1979,
  title = {Logic for Problem Solving},
  year = {1979},
  author = {R. Kowalski}
}

@Article{KrichevskyTrofimov1981,
  author = {Raphail E. Krichevsky and Victor K. Trofimov},
  title = {The Performance of Universal Encoding},
  journal = {{IEEE} Transactions on Information Theory},
  year = {1981},
  volume = {27},
  pages = {199--207},
  number = {2},
  month = {March}
}

@Article{LeungFan2002,
  author = {Hareton Leung and Zhang Fan},
  title = {Software Cost Estimation},
  journal = {
    HandBook of Software Engineering, Hong Kong Polytechnic University
  },
  year = {2002}
}

@Standard{ManolaMiller2004,
  author = {Frank Manola and Eric Miller and Brian McBride},
  institution = {W3C},
  language = {English},
  organization = {W3C},
  title = {{RDF} Primer},
  type = {W3C Recommendation},
  url = {http://www.w3.org/TR/2004/REC-rdf-primer-20040210/},
  year = {2004}
}

@Article{Mcmillan1956,
  author = {B. McMillan}, 
  journal = {{IEEE} Transactions on Information Theory}, 
  title = {Two inequalities implied by unique decipherability}, 
  year = {1956}, 
  month = {December}, 
  volume = {2}, 
  number = {4}, 
  pages = {115--116}, 
  doi = {10.1109/TIT.1956.1056818}, 
  issn = {0096-1000},
}

@TechReport{MilesBechhofer2009,
  author = {Alistair Miles and Sean Bechhofer},
  bibsource = {\url{http://w2.syronex.com/jmr/w3c-biblio}},
  institution = {{W3C}},
  month = {August},
  note = {\url{http://www.w3.org/TR/2009/REC-skos-reference-20090818/}},
  title = {{SKOS} Simple Knowledge Organization System Reference},
  type = {{W3C} Recommendation},
  year = {2009}
}

@TechReport{MotikGrauPatelschneider2012,
  author = {
    Boris Motik and
    Bernardo Cuenca Grau and
    Peter Patel-Schneider
  },
  bibsource = {\url{http://w2.syronex.com/jmr/w3c-biblio}},
  institution = {W3C},
  month = {December},
  note = {
    \url{http://www.w3.org/TR/2012/REC-owl2-direct-semantics-20121211/}
  },
  title = {
    {OWL} 2 Web Ontology Language Direct Semantics (Second Edition)
  },
  type = {{W3C} Recommendation},
  year = {2012}
}

@InProceedings{NeumannMoerkotte2011,
  title={Characteristic sets: Accurate cardinality estimation for RDF queries with multiple joins},
  author={Thomas Neumann and Guido Moerkotte},
  booktitle={Data Engineering (ICDE), 2011 IEEE 27th International Conference on},
  pages={984--994},
  year={2011},
  organization={IEEE}
}

@Misc{Oaei2012,
  author = {OAEI},
  title = {
    The instance matching track of
    the Ontology Alignment Evaluation Initative ({OAEI}) 2012
  },
  url = {http://www.instancematching.org/oaei/},
  year = {2012}
}

@Standard{Ogbuji,
  author = {Chimezie Ogbuji},
  organization = {{W3C}},
  institution = {{W3C}},
  title = {{SPARQL} 1.1 Graph Store {HTTP} Protocol}
}

@Standard{OpenAnnotation,
  title = {{OpenAnnotation}},
  url = {http://www.openannotation.org}
}

@Book{Pawlak1991,
  author = {Zdzisław Pawlak},
  year = {1991},
  title = {Rough Sets: Theoretical Aspects of Reasoning About Data},
  publisher = {Kluwer Academic Publishing Dordrecht},
  isbn = {0-7923-1472-7}
}

@Standard{PetersonGaoMalhotraSperbergmcqueenThompson2012,
  title = {
    {XML Schema Definition Language} ({XSD}) 1.1 Part 2: Datatypes
  },
  organization = {{W3C}},
  institution = {{W3C}},
  author = {
    David Peterson and
    Shudi (Sandy) Gao and
    Ashok Malhotra and
    C.M. Sperberg-McQueen and
    Henry S. Thompson
  },
  language = {English},
  number = {1.1},
  month = {April},
  year = {2012},
  url = {http://www.w3.org/TR/2012/REC-xmlschema11-2-20120405/}
}

@article{PitmanYor1997,
  author = {J. Pitman and M. Yor},
  doi = {10.1214/aop/1024404422},
  journal = {The Annals of Probability},
  month = {April},
  number = {2},
  pages = {855--900},
  publisher = {The Institute of Mathematical Statistics},
  title = {
    The two-parameter {Poisson-Dirichlet} distribution
    derived from a stable subordinator
  },
  url = {http://dx.doi.org/10.1214/aop/1024404422},
  volume = {25},
  year = {1997}
}

@Misc{PraSem,
  author = {Stefan Schlobach},
  title = {PraSem \url{http://altsemantics.files.wordpress.com/2012/04/prasem.pdf}}
}

@Standard{Rfc3305,
  author = {M. Mealling and R. Denenberg},
  title = {
    Report from the Joint {W3C}/{IETF} {URI} Planning Interest Group:
    {Uniform Resource Identifiers} ({URIs}), {URLs}, and
    {Uniform Resource Names} ({URNs}):
    Clarifications and Recommendations
  },
  month = {August},
  year = {2002}
}

@Standard{Rfc3629,
  author = {F. Yergeau},
  institution = {RFC},
  language = {English},
  month = {November},
  organization = {{RFC}},
  title = {{UTF-8}, a transformation format of {ISO} 10646},
  url = {http://www.rfc-editor.org/info/rfc3629},
  year = {2003}
}

@Standard{Rfc3986,
  title = {{Uniform Resource Identifier} ({URI}): Generic Syntax},
  organization = {{RFC}},
  institution = {{RFC}},
  author = {Tim Berners-Lee and R. Fielding and L. Masinter},
  month = {January},
  year = {2005},
  url = {http://www.rfc-editor.org/info/rfc3986}
}

@Standard{Rfc4647,
  title = {Matching of Language Tags},
  organization = {{RFC}},
  institution = {{RFC}},
  author = {A. PhiA. Phillips. Davis},
  month = {September},
  year = {2006},
  url = {http://www.rfc-editor.org/info/rfc4647}
}

@Standard{Rfc5646,
  author = {A. Phillips and M. Davis},
  institution = {{RFC}},
  month = {September},
  organization = {{RFC}},
  title = {Tags for Identifying Languages},
  url = {http://www.rfc-editor.org/info/rfc5646},
  year = {2009}
}

@Article{Rissanen1976,
  author = {J. Rissanen},
  title = {Generalized {K}raft Inequality and Arithmetic Coding},
  year = {1976},
  journal = {{IBM} Journal of Research and Development},
  volume = {20},
  number = {3},
  page = {198},
}

@Article{Rissanen1978,
  author = {J. Rissanen},
  title = {Modeling by the shortest data description},
  journal = {Automatica},
  volume = {14},
  pages = {465--471},
  year = {1978},
}

@Article{Rissanen1984,
  author = {J. Rissanen},
  title = {Universal coding, information, prediction and estimation},
  journal = {{IEEE} Transactions on Information Theory},
  volume = {30},
  year = {1984},
  pages = {629--636},
}

@TechReport{Schneider2012,
  author = {Michael Schneider},
  bibsource = {\url{http://w2.syronex.com/jmr/w3c-biblio}},
  institution = {{W3C}},
  month = {December},
  note = {
    \url{http://www.w3.org/TR/2012/REC-owl2-rdf-based-semantics-20121211/}
  },
  title = {
    {OWL} 2 {Web Ontology Language} {RDF}-Based Semantics (Second Edition)
  },
  type = {{W3C} Recommendation},
  year = {2012}
}

@Article{Schreiber2006,
  author = {
    Guus Schreiber and
    A. Amin and
    M. van Assem and
    Victor de Boer and
    L. Hardman and
    Michiel Hildebrand and
    Lura Hollink and
    Z. Huang and
    J. van Kersen and
    M. de Niet and
    B. Omelayenko and
    Jacco van Ossenbruggen and
    Ronald Siebes and
    J. Taekema and
    Jan Wielemaker and
    Bob Wielinga
  },
  title = {{MultimediaN} E-Culture Demonstrator},
  journal = {The Semantic Web - ISWC 2006, Athens, Georgia},
  volume = {4273},
  series = {Lecture Notes in Computer Science},
  pages = {951--958},
  publisher = {Springer Verlag},
  month = {November},
  year = {2006},
  note = {Winner of the Semantic Web Challenge 2006}
}

@Conference{SemanticsBigData2013,
  author = {AAAI},
  title = {
    Semantics for Big Data:
    {AAAI} Fall Symposium 2013
  },
  url = {http://stko.geog.ucsb.edu/s4bd2013/},
  year = {2013}
}

@article{Shannon1948,
  author = {C.E. Shannon},
  title = {A Mathematical Theory of Communication},
  journal = {Bell Systems Technical Journal},
  year = {1948},
  volume = {27},
  pages = {379--423, 623--656},
}

@INPROCEEDINGS{Steels1998,
  author = {Luc Steels},
  title = {Bootstrapping Cognition through Language},
  booktitle = {
    Proceedings of the Tenth Netherlands/Belgium Conference on
    Artificial Intelligence (NAIC'98)
  },
  year = {1998},
  editor = {H. La Poutr\'e and H.J. van den Herik},
  pages = {3}
}

@Standard{Swartz2003,
  title = {{\small \texttt{application/rdf+xml}} Media Type Registration},
  organization = {{Network Working Group}},
  institution = {{Network Working Group}},
  author = {A. Swartz},
  month = {September},
  year = {2003},
  url = {http://www.w3.org/2001/sw/RDFCore/mediatype-registration}
}

@Misc{Synerscope,
  title = {Synerscope \url{http://www.synerscope.com}},
  crossref = {Synerscope},
  url = {http://www.synerscope.com}
}

@Book{VanSteen2010,
  author = {Maarten Van Steen},
  title = {Graph Theory and Complex Networks: An Introduction},
  year = {2010}
}

@InProceedings{Wielemaker2003,
  author = {Jan Wielemaker},
  journal = {
    Proceedings of 13th the Workshop on Logic-based methods in Programming Environments
  },
  pages = {1--16},
  title = {An Overview of the SWI-Prolog Programming Environment.},
  volume = {3},
  year = {2003}
}

@InBook{Wielemaker2005,
  author = {Jan Wielemaker},
  booktitle = {
    Logic programming for knowledge-intensive interactive applications
  },
  chapter = {
    An optimised semantic web query language implementation in prolog
  },
  pages = {128--142},
  publisher = {W\"orhman Print Service, Zutphen},
  year = {2005}
}

@Conference{Www2013,
  author = {
    International World Wide Web Conferences Steering Committee ({IW3C2})
  },
  title = {
    The Theory and Practice of Social Machines:
    {WWW} 2013 Workshop
  },
  url = {http://sociam.org/www2013/},
  year = {2013}
}

