@MISC{BizerCyganiakHeath2007,
  author={Chris Bizer and Richard Cyganiak and Tom Heath},
  note={Last accessed in May 2013},
  title={How to Publish Linked Data on the Web},
  url={http://wifo5-03.informatik.uni-mannheim.de/bizer/pub/LinkedDataTutorial/},
  year={2007}
}

@ARTICLE{DingShinavierFininMcguinness2010,
  author={
    Li Ding and
    Joshua Shinavier and
    Tim Finin and
    Deborah L. McGuinness
  },
  title={owl:sameAs and linked data: an empirical study},
  year={2010}
}

@INCOLLECTION{DingShinavierShangguanMcguinness2010,
  author={
    Li Ding and
    Joshua Shinavier and
    Zhenning Shangguan and
    Deborah McGuinness
  },
  booktitle={The Semantic Web â€“ ISWC 2010},
  doi={10.1007/978-3-642-17746-0_10},
  editor={
    Peter F. Patel-Schneider and
    Yue Pan and
    Pascal Hitzler and
    Peter Mika and
    Lei Zhang and
    Jeff Pan and
    Ian Horrocks and
    Birte Glimm
  },
  isbn={978-3-642-17745-3},
  keywords={owl:sameAs; Linked Data; Network},
  pages={145--160},
  publisher={Springer Berlin Heidelberg},
  series={Lecture Notes in Computer Science},
  title={
    {SameAs} Networks and Beyond:
    Analyzing Deployment Status and Implications of \texttt{owl:sameAs}
    in Linked Data
  },
  url={http://dx.doi.org/10.1007/978-3-642-17746-0_10},
  volume={6496},
  year={2010}
}

@Article{Geach1967,
  author = {P.T. Geach},
  journal = {Review of Metaphysics},
  note= {Reprinted in Geach 1972, pp. 238--247},
  pages = {3--12},
  title = {Identity},
  volume = {21},
  year = {1967}
}

@INCOLLECTION{HalpinHayes2010,
  author={
    Harry Halpin and
    Pat Hayes and
    James McCusker and
    Deborah McGuinness and
    Henry Thompson
  },
  booktitle={The Semantic Web -- ISWC 2010},
  doi={10.1007/978-3-642-17746-0_20},
  editor={
    Peter F. Patel-Schneider and
    Yue Pan and
    Pascal Hitzler and
    Peter Mika and
    Lei Zhang and
    Jeff Z. Pan and
    Ian Horrocks and
    Birte Glimm
  },
  isbn={978-3-642-17745-3},
  keywords={linked data; identity; coreference},
  pages={305--320},
  publisher={Springer Berlin Heidelberg},
  series={Lecture Notes in Computer Science},
  title={
    When \texttt{owl:sameAs} Isn\'t the Same:
    An Analysis of Identity in Linked Data
  },
  url={http://dx.doi.org/10.1007/978-3-642-17746-0_20},
  volume={6496},
  year={2010}
}

@INBOOK{HalpinHayesMccuskerMcguinnessThompson2010,
  author={
    Harry Halpin and
    Patrick Hayes and
    James McCusker and
    Deborah McGuinness and
    Henry S. Thompson
  },
  booktitle={The Semantic Web -- ISWC 2010},
  editor={
    Peter Patel-Schneider and
    Yue Pan and
    Pascal Hitzler and
    Peter Mika and
    Lei Zhang and
    Jeff Pan and
    Ian Horrocks and
    Birte Glimm
  },
  isbn={978-3-642-17745-3},
  pages={305--320},
  publisher={Springer Berlin / Heidelberg},
  series={Lecture Notes in Computer Science},
  title={
    When \texttt{owl:sameAs} Isn\'t the Same:
    An Analysis of Identity in Linked Data
  },
  year={2010}
}

@INCOLLECTION{Forrest2010,
  author={Peter Forrest},
  booktitle={The Stanford Encyclopedia of Philosophy},
  editor={Edward N. Zalta},
  title={The Identity of Indiscernibles},
  url={http://plato.stanford.edu/entries/identity-indiscernible/},
  year={2008}
}

@Book{Kripke1980,
  author = {Saul Kripke},
  publisher = {Cambridge: Harvard University Press},
  title = {Naming and Necessity},
  year = {1980}
}

@Book{Lewis1986,
  author = {David Lewis},
  publisher = {Oxford: Basil Blackwell},
  title = {On the plurality of worlds},
  year = {1986}
}

@ARTICLE{MccuskerMcguinness2010,
  author={James McCusker and Deborah McGuinness},
  journal={
    Proceedings of {OWL} Experiences and Directions Seventh Annual Workshop
  },
  title={Towards identity in linked data},
  year={2010}
}

@INCOLLECTION{Melo2013,
  author={Gerard de Melo},
  booktitle={
    Proceedings of the American Association for Artificial Intelligence 2013
  },
  title={
    Not Quite the Same:
    Identity Constraints for the Web of Linked Data
  },
  year={2013}
}

@Article{Quine1950,
  author = {Willard Van Orman Quine},
  journal = {The Journal of Philosophy},
  number = {22},
  pages = {621--633},
  publisher = {{JSTOR}},
  title = {Identity, ostension, and hypostasis},
  volume = {47},
  year = {1950}
}

